@MISC{Guesgen_anartificial,
    author = {Hans W. Guesgen and Xiao Dong Shi},
    title = {An Artificial Neural Network for a Tank Targeting System},
    year = {}
}